<record><leader>00000cas a22000007a 4500</leader><controlfield tag="001">12865248</controlfield><controlfield tag="008">851203d18811882wiudn ne      0    0eng d</controlfield><datafield ind1=" " ind2=" " tag="010"><subfield code="a">sn 85041559 </subfield></datafield><datafield ind1=" " ind2=" " tag="040"><subfield code="a">NPV</subfield><subfield code="b">eng</subfield><subfield code="c">NPV</subfield><subfield code="d">OCLCQ</subfield></datafield><datafield ind1=" " ind2=" " tag="042"><subfield code="a">msc</subfield></datafield><datafield ind1="0" ind2=" " tag="130"><subfield code="a">Daily post (Ripon, Wis.)</subfield></datafield><datafield ind1="1" ind2="4" tag="245"><subfield code="a">The daily post.</subfield></datafield><datafield ind1=" " ind2=" " tag="260"><subfield code="a">Ripon, Wis. :</subfield><subfield code="b">[Davies &amp; Herron],</subfield><subfield code="c">1881-</subfield></datafield><datafield ind1=" " ind2=" " tag="300"><subfield code="a">v.</subfield></datafield><datafield ind1=" " ind2=" " tag="310"><subfield code="a">Daily (except Sun.)</subfield></datafield><datafield ind1="0" ind2=" " tag="362"><subfield code="a">Vol. 1, no. 1 (June 1, 1881)-</subfield></datafield><datafield ind1="1" ind2=" " tag="362"><subfield code="a">Ceased in 1882.</subfield><subfield code="z">Cf. Oehlerts, d. E. Guide to Wis. newspapers.</subfield></datafield><datafield ind1=" " ind2=" " tag="500"><subfield code="a">Published also in Green Lake, Wis.</subfield></datafield><datafield ind1=" " ind2=" " tag="752"><subfield code="a">United States</subfield><subfield code="b">Wisconsin</subfield><subfield code="c">Fond du Lac</subfield><subfield code="d">Ripon.</subfield></datafield><datafield ind1=" " ind2=" " tag="752"><subfield code="a">United States</subfield><subfield code="b">Wisconsin</subfield><subfield code="c">Green Lake</subfield><subfield code="d">Green Lake.</subfield></datafield></record>